<record><leader>00000cas a2200000 a 4500</leader><controlfield tag="001">13362061</controlfield><controlfield tag="008">860329d19581963azuwr ne      0    0eng d</controlfield><datafield ind1=" " ind2=" " tag="010"><subfield code="a">sn 86091252 </subfield></datafield><datafield ind1=" " ind2=" " tag="040"><subfield code="a">UNP</subfield><subfield code="b">eng</subfield><subfield code="c">UNP</subfield><subfield code="d">NSD</subfield><subfield code="d">ANN</subfield><subfield code="d">NVF</subfield><subfield code="d">ANN</subfield><subfield code="d">OCLCQ</subfield><subfield code="d">OCLCF</subfield><subfield code="d">OCLCO</subfield></datafield><datafield ind1=" " ind2=" " tag="042"><subfield code="a">msc</subfield></datafield><datafield ind1=" " ind2=" " tag="043"><subfield code="a">n-us-az</subfield></datafield><datafield ind1=" " ind2="4" tag="050"><subfield code="a">AN2.A6</subfield><subfield code="b">P33</subfield></datafield><datafield ind1="0" ind2="0" tag="245"><subfield code="a">Page signal.</subfield></datafield><datafield ind1=" " ind2=" " tag="260"><subfield code="a">Page, Ariz. :</subfield><subfield code="b">[P. Cline],</subfield><subfield code="c">1958-1963.</subfield></datafield><datafield ind1=" " ind2=" " tag="300"><subfield code="a">v. :</subfield><subfield code="b">ill.</subfield></datafield><datafield ind1=" " ind2=" " tag="310"><subfield code="a">Weekly,</subfield><subfield code="b">Jan. 22, 1959-Jan. 17, 1963</subfield></datafield><datafield ind1=" " ind2=" " tag="321"><subfield code="a">Semimonthly,</subfield><subfield code="b">Oct. 16, 1958-Jan. 8, 1959</subfield></datafield><datafield ind1="0" ind2=" " tag="362"><subfield code="a">Vol. 1, no. 1 (Oct. 16, 1958)-v. 5, no. 8 (Jan. 17, 1963).</subfield></datafield><datafield ind1=" " ind2=" " tag="500"><subfield code="a">Published in Flagstaff, Ariz. for distribution in Page, Ariz., &lt;1961-1963&gt;.</subfield></datafield><datafield ind1=" " ind2=" " tag="500"><subfield code="a">Devoted to the interests of the Page community and the Glen Canyon area of Arizona.</subfield></datafield><datafield ind1=" " ind2=" " tag="580"><subfield code="a">Issued as section with separate numbering of Arizona daily sun (Flagstaff, Ariz.), Aug. 18, 1959-Feb. 2, 1960.</subfield></datafield><datafield ind1=" " ind2="0" tag="651"><subfield code="a">Page (Ariz.)</subfield><subfield code="v">Newspapers.</subfield></datafield><datafield ind1=" " ind2="0" tag="651"><subfield code="a">Flagstaff (Ariz.)</subfield><subfield code="v">Newspapers.</subfield></datafield><datafield ind1=" " ind2="0" tag="651"><subfield code="a">Coconino County (Ariz.)</subfield><subfield code="v">Newspapers.</subfield></datafield><datafield ind1=" " ind2="7" tag="655"><subfield code="a">Newspapers.</subfield><subfield code="2">fast</subfield><subfield code="0">(OCoLC)fst01423814</subfield></datafield><datafield ind1=" " ind2="7" tag="651"><subfield code="a">Arizona</subfield><subfield code="z">Coconino County.</subfield><subfield code="2">fast</subfield><subfield code="0">(OCoLC)fst01217112</subfield></datafield><datafield ind1=" " ind2="7" tag="651"><subfield code="a">Arizona</subfield><subfield code="z">Flagstaff.</subfield><subfield code="2">fast</subfield><subfield code="0">(OCoLC)fst01205910</subfield></datafield><datafield ind1=" " ind2="7" tag="651"><subfield code="a">Arizona</subfield><subfield code="z">Page.</subfield><subfield code="2">fast</subfield><subfield code="0">(OCoLC)fst01216935</subfield></datafield><datafield ind1="0" ind2=" " tag="730"><subfield code="a">Arizona daily sun (Flagstaff, Ariz.)</subfield></datafield><datafield ind1=" " ind2=" " tag="752"><subfield code="a">United States</subfield><subfield code="b">Arizona</subfield><subfield code="c">Coconino</subfield><subfield code="d">Page.</subfield></datafield><datafield ind1=" " ind2=" " tag="752"><subfield code="a">United States</subfield><subfield code="b">Arizona</subfield><subfield code="c">Coconino</subfield><subfield code="d">Flagstaff.</subfield></datafield><datafield ind1="0" ind2=" " tag="777"><subfield code="t">Arizona daily sun (Flagstaff, Ariz.)</subfield><subfield code="w">(DLC)sn 86091251</subfield><subfield code="w">(OCoLC)10668635</subfield></datafield></record>